@Article{garion09a,
  author =       {C. Garion},
  title =        {A new paradigm for kitchen organization},
  journal =      {Architectura},
  year =         2009}


@Article{garion09b,
  author =       {C. Garion},
  title =        {The propension of two-year-olds to throw various
                  objects at their parents faces},
  journal =      {Child psychology},
  year =         2009}

