@Article{flynn07:_rollin_docum_class,
  author =       {P. Flynn},
  title =        {Rolling your own {Document} {Class}: Using {\LaTeX} to keep away from the dark side},
  journal =      {{TUGBoat}},
  pages =        {110--123},
  year =         2007,
  volume =       28,
  number =       1,
  note =         {\url{http://www.tug.org/TUGboat/Articles/tb28-1/tb88flynn.pdf}}}

@Article{hefferson05:_linut,
  author =       {J. Hefferson},
  title =        {Minutes in less than hours: Using {\LaTeX} ressources},
  journal =      {The {Prac\TeX} journal},
  year =         2005,
  volume =       4,
  note =         {\url{http://www.tug.org/pracjourn/2005-4/hefferon/}}}

@Book{mittelbach04:_latex_companion,
  author =       {F. Mittelbach and M. Goossens},
  title =        {The \LaTeX companion},
  publisher =    {Addison-Wesley},
  year =         2004,
  edition =      {2$^{nd}$}}

@Misc{ctan,
  title =        {The Comprehensive {\TeX} Archive Network},
  howpublished = {\url{http://www.ctan.org/}}}

@Misc{letter_frenc,
  title =        {Letters and faxes in {French}},
  howpublished = {\url{http://www.ctan.org/tex-archive/help/Catalogue/entries/lettre.html}}}

