@Misc{garion09c,
  author =       {C. Garion},
  title =        {Mes r\'eflexions sur le sens de la vie},
  year =         2009}
